<record><leader>00000cas a2200000 a 4500</leader><controlfield tag="001">2673875</controlfield><controlfield tag="008">770112d18321833aluwr ne      0   a0eng  </controlfield><datafield ind1=" " ind2=" " tag="010"><subfield code="a">sn 85025918 </subfield><subfield code="z">   76643860 </subfield></datafield><datafield ind1=" " ind2=" " tag="040"><subfield code="a">DLC</subfield><subfield code="b">eng</subfield><subfield code="c">DLC</subfield><subfield code="d">NPX</subfield><subfield code="d">DLC</subfield><subfield code="d">NPH</subfield><subfield code="d">OCLCQ</subfield><subfield code="d">NVF</subfield><subfield code="d">OCLCG</subfield><subfield code="d">OCLCO</subfield><subfield code="d">OCLCQ</subfield><subfield code="d">OCLCF</subfield></datafield><datafield ind1="1" ind2=" " tag="029"><subfield code="a">AU@</subfield><subfield code="b">000023435238</subfield></datafield><datafield ind1=" " ind2=" " tag="042"><subfield code="a">pcc</subfield></datafield><datafield ind1=" " ind2=" " tag="043"><subfield code="a">n-us-al</subfield></datafield><datafield ind1="0" ind2="0" tag="050"><subfield code="a">Newspaper 7003-X</subfield></datafield><datafield ind1="0" ind2="0" tag="245"><subfield code="a">State rights expositor and spirit of the age.</subfield></datafield><datafield ind1="3" ind2="0" tag="246"><subfield code="a">Expositor and spirit of the age</subfield></datafield><datafield ind1=" " ind2=" " tag="260"><subfield code="a">Tuscaloosa, Ala. :</subfield><subfield code="b">R.T. Brumby,</subfield><subfield code="c">-1833.</subfield></datafield><datafield ind1=" " ind2=" " tag="300"><subfield code="a">v.</subfield></datafield><datafield ind1=" " ind2=" " tag="310"><subfield code="a">Weekly</subfield></datafield><datafield ind1="1" ind2=" " tag="362"><subfield code="a">Began with Dec. 8, 1832 issue.</subfield></datafield><datafield ind1="0" ind2=" " tag="362"><subfield code="a">-v. 1, no. 52 (Nov. 30, 1833).</subfield></datafield><datafield ind1=" " ind2=" " tag="500"><subfield code="a">Editor: R.T. Brumby.</subfield></datafield><datafield ind1=" " ind2=" " tag="588"><subfield code="a">Description based on: Vol. 1, no. 2 (Dec. 15, 1832).</subfield></datafield><datafield ind1=" " ind2="0" tag="651"><subfield code="a">Tuscaloosa (Ala.)</subfield><subfield code="v">Newspapers.</subfield></datafield><datafield ind1=" " ind2="7" tag="655"><subfield code="a">Newspapers.</subfield><subfield code="2">fast</subfield><subfield code="0">(OCoLC)fst01423814</subfield></datafield><datafield ind1=" " ind2="7" tag="651"><subfield code="a">Alabama</subfield><subfield code="z">Tuscaloosa.</subfield><subfield code="2">fast</subfield><subfield code="0">(OCoLC)fst01206929</subfield></datafield><datafield ind1="1" ind2=" " tag="700"><subfield code="a">Brumby, R. T.</subfield><subfield code="q">(Richard Trapier),</subfield><subfield code="d">1804-1875.</subfield></datafield><datafield ind1=" " ind2=" " tag="752"><subfield code="a">United States</subfield><subfield code="b">Alabama</subfield><subfield code="c">Tuscaloosa</subfield><subfield code="d">Tuscaloosa.</subfield></datafield><datafield ind1="0" ind2="0" tag="780"><subfield code="t">Spirit of the age (Tuscaloosa, Ala.)</subfield><subfield code="w">(DLC)sn 85025919</subfield></datafield><datafield ind1="0" ind2="0" tag="785"><subfield code="t">State rights expositor</subfield><subfield code="w">(DLC)sn 88079010</subfield></datafield></record>